
@article{
	H264AVCOverview,
	title={Overview of the H. 264/AVC video coding standard},
  author={Wiegand, Thomas and Sullivan, Gary J and Bjontegaard, Gisle and Luthra, Ajay},
  journal={IEEE Transactions on Circuits and Systems for Video Technology},
  volume={13},
  number={7},
  pages={560--576},
  year={2003},
  publisher={IEEE},
},

@article{
	RTP,
	title={RTP payload format for H. 264 video},
  author={Wenger, Stephan and Stockhammer, Thomas},
  year={2005},
  journal = {},
},

@article{
	H264Spec,
	title={264 “Advanced Video Coding for Generic Audiovisual Services”},
  author={ITU-T RECOMMENDATION, H},
  journal={ISO/IEC},
  volume={14496},
  year={2003},
},

@article{
	SVCOverview,
	title={Overview of the scalable video coding extension of the H. 264/AVC standard},
  author={Schwarz, Heiko and Marpe, Detlev and Wiegand, Thomas},
  journal={IEEE Transactions on Circuits and Systems for Video Technology},
  volume={17},
  number={9},
  pages={1103--1120},
  year={2007},
  publisher={IEEE},
},

@article{
	DIChirp,
	author = {Ozturk, Yusuf and Kulkarni, Manish},
	title = {DIChirp: direct injection bandwidth estimation},
	journal = {International Journal of Network Management},
	volume = {18},
	number = {5},
	publisher = {John Wiley & Sons, Ltd.},
	issn = {1099-1190},
	url = {http://dx.doi.org/10.1002/nem.674},
	doi = {10.1002/nem.674},
	pages = {377--394},
	year = {2008},
},

@article{
	LibSVM,
	 title={LIBSVM: a library for support vector machines},
  	author={Chang, Chih-Chung and Lin, Chih-Jen},
  	journal={ACM Transactions on Intelligent Systems and Technology (TIST)},
  	volume={2},
  	number={3},
  	pages={27},
  	year={2011},
  	publisher={ACM},
},

@article{
	SVCAdvances,
	 title={Advances in scalable video coding},
  author={Ohm, J-R},
  journal={Proceedings of the IEEE},
  volume={93},
  number={1},
  pages={42--56},
  year={2005},
  publisher={IEEE},
},

@incollection{
	SVCTutorial,
	author = {Unane, Iraide and Urteaga, Inigo and Husemann, Ronaldo and Del Ser, Javier and Roseler, Valter and Rodriguez, Aitor and Sanchez, Pedro},
	title = {A Tutorial on H.264/SVC Scalable Video Coding and its Tradeoff between Quality, Coding, Efficiency, and Performance},
	editor = {Javier Del Ser Lorente},
	booktitle = {Recent Advances on Video Coding},
	publisher = {InTech},
	year = {2011},
	note = {Available from: \url{http://www.intechopen.com/books/recent-advances-on-video-coding/}},
},

@article{
	HASQoE,
	 title={Quality of experience for HTTP adaptive streaming services},
  	author={Oyman, Ozgur and Singh, Sarabjot},
  	journal={IEEE Communications Magazine},
  	volume={50},
  	number={4},
  	pages={20--27},
  	year={2012},
  	publisher={IEEE},
},

@article{
	WirelessH264,
	 title={H. 264/AVC in wireless environments},
  author={Stockhammer, Thomas and Hannuksela, Miska M and Wiegand, Thomas},
  journal={ IEEE Transactions on Circuits and Systems for Video Technology},
  volume={13},
  number={7},
  pages={657--673},
  year={2003},
  publisher={IEEE},
},

@article{
	RTSP,
	 title={Real time streaming protocol (RTSP)},
  	author={Schulzrinne, Henning},
 	 year={1998},
	journal = {},
	month = {April},
},

@inproceedings{
	FeedbackControl,
	title={Feedback control for adaptive live video streaming},
  author={De Cicco, Luca and Mascolo, Saverio and Palmisano, Vittorio},
  booktitle={Proceedings of the second annual ACM conference on Multimedia systems},
  pages={145--156},
  year={2011},
  organization={ACM},
},

@inproceedings{
	DASH,
	title={Dynamic adaptive HTTP streaming of live content},
  author={Lohmar, Thorsten and Einarsson, Torbjorn and Frojdh, Per and Gabin, Fr{\'e}d{\'e}ric and Kampmann, Markus},
  booktitle={2011 IEEE International Symposium on a World of Wireless, Mobile and Multimedia Networks (WoWMoM)},
  pages={1--8},
  year={2011},
  organization={IEEE},
},

@article{
	Apple,
	title = {HTTP Live Streaming Overview},
	author = {},
	journal = {Apple Inc.},
	year = {},
	note = {Available from: \url{https://developer.apple.com/library/ios/documentation/NetworkingInternet/Conceptual/StreamingMediaGuide/StreamingMediaGuide.pdf}},
},

@article{
	Microsoft,
	title={IIS smooth streaming technical overview},
  author={Zambelli, Alex},
  journal={Microsoft Corporation},
  volume={3},
  year={2009},
},

@inproceedings{
	Netflix,
	 title={Unreeling netflix: Understanding and improving multi-CDN movie delivery},
  author={Adhikari, Vijay Kumar and Guo, Yang and Hao, Fang and Varvello, Matteo and Hilt, Volker and Steiner, Moritz and Zhang, Zhi-Li},
  booktitle={2012 Proceedings IEEE INFOCOM},
  pages={1620--1628},
  year={2012},
  organization={IEEE},
},

@article{
	H264OverIP,
	title={H. 264/avc over ip},
  author={Wenger, Stephan},
  journal={IEEE Transactions on Circuits and Systems for Video Technology},
  volume={13},
  number={7},
  pages={645--656},
  year={2003},
  publisher={IEEE},
},

@article{pan2007quality,
  title={A Quality-of-Experience Video Adaptor for Serving Scalable Video Applications},
  author={Pan, Chia-Ho and Lee, I-Hsien and Huang, Sheng-Chieh and Lian, Chung-Jr and Chen, Liang-Gee},
  journal={Consumer Electronics, IEEE Transactions on},
  volume={53},
  number={3},
  pages={1130--1137},
  year={2007},
  publisher={IEEE}
},

@article{wang2005classification,
  title={Classification-based multidimensional adaptation prediction for scalable video coding using subjective quality evaluation},
  author={Wang, Yong and van der Schaar, Mihaela and Chang, Shih-Fu and Loui, Alexander C},
  journal={Circuits and Systems for Video Technology, IEEE Transactions on},
  volume={15},
  number={10},
  pages={1270--1279},
  year={2005},
  publisher={IEEE}
},